% This file was created with Citavi 6.3.0.0

@article{Casey.2008,
 author = {Casey, Kenan and Lim, Alvin and Dozier, Gerry},
 year = {2008},
 title = {A Sensor Network Architecture for Tsunami Detection and Response},
 pages = {27--42},
 volume = {4},
 number = {1},
 issn = {1550-1477},
 journal = {International Journal of Distributed Sensor Networks},
 doi = {10.1080/15501320701774675}
}


@misc{ComarchAG.,
 author = {{Comarch AG}},
 title = {Nachr{\"u}stung von Maschinen f{\"u}r Industrie 4.0: https://www.comarch.de/news/industrie-40/industrie-40-news/nachruestung},
 url = {https://www.comarch.de/news/industrie-40/industrie-40-news/nachruestung-von-maschinen-fuer-industrie-40/}
}


@misc{Cowlar.,
 author = {Cowlar},
 title = {Cowlar How it works. https://www.cowlar.com/howItWorks},
 url = {https://www.cowlar.com/howItWorks}
}


@book{Elhoseny.2019,
 author = {Elhoseny, Mohamed and Hassanien, Aboul Ella},
 year = {2019},
 title = {Dynamic wireless sensor networks: New directions for smart technologies},
 address = {Cham, Switzerland},
 volume = {volume 165},
 publisher = {Springer},
 isbn = {978-3-319-92806-7},
 series = {Studies in systems, decision and control}
}


@article{FangTian.2018,
 abstract = {This paper attempts to integrate the wireless sensor network (WSN) into the smart home system. To this end, a smart home system was developed based on the basic radio frequency (RF) WSN. First, the author introduced the architecture, nodes and features of the WSN. Then, the design process of the smart home system was detailed. The hardware of the system consists of such three parts as the master control, wireless transceiver and sensor terminal; the software of the system includes the basic-RF WSN program and the master module STM32 programme. After that, the established system was applied to temperature collection and control. The results show that the collected temperature agreed well with the temperature measured by the thermometer. Finally, the temperature control effect of the system was successfully simulated with a potentiometer and an LED lamp. The research findings shed new light on the design of smart homes. [ABSTRACT FROM AUTHOR]



Copyright of International Journal of Online Engineering is the property of International Journal of Online Engineering and its content may not be copied or emailed to multiple sites or posted to a listserv without the copyright holder's express written permission. However, users may print, download, or email articles for individual use. This abstract may be abridged. No warranty is given about the accuracy of the copy. Users should refer to the original published version of the material for the full abstract. (Copyright applies to all Abstracts.)},
 author = {{Fang Tian} and {Xi Long} and {Wendi Liao}},
 year = {2018},
 title = {Design of Smart home System Based on Basic Radio Frequency Wireless Sensor Network},
 url = {http://search.ebscohost.com/login.aspx?direct=true&db=edo&AN=129319364&lang=de&site=eds-live},
 keywords = {basic radio frequency (RF);HOME automation;LED lamps;POTENTIOMETERS;RADIO frequency;smart home;STM32;Wireless sensor network (WSN);WIRELESS sensor networks},
 pages = {128 ff},
 volume = {14},
 number = {4},
 issn = {18612121},
 journal = {International Journal of Online Engineering}
}


@incollection{Furstenberg.2016,
 author = {F{\"u}rstenberg, Kay and Kirsch, Christopher},
 title = {Intelligente Sensorik als Grundbaustein f{\"u}r cyber-physische Systeme in der Logistik},
 pages = {1--27},
 publisher = {{Springer Berlin Heidelberg}},
 isbn = {978-3-662-45537-1},
 editor = {Vogel-Heuser, Birgit and Bauernhansl, Thomas and ten Hompel, Michael},
 booktitle = {Handbuch Industrie 4.0},
 year = {2016},
 address = {Berlin, Heidelberg},
 doi = {10.1007/978-3-662-45537-1{\textunderscore }83-1}
}


@book{Huning.2016,
 author = {H{\"u}ning, Felix},
 year = {2016},
 title = {Sensoren und Sensorschnittstellen},
 address = {Berlin [Germany] and Boston [Massachusetts]},
 publisher = {{De Gruyter}},
 isbn = {9783110438550},
 series = {De Gruyter Studium}
}


@misc{IndustrieundHandelskammerReutlingen.,
 title = {RFID im Handel: https://www.reutlingen.ihk.de/fileadmin/user{\_}upload/www.reutlingen.ihk.de/RFID.pdf},
 url = {https://www.reutlingen.ihk.de/fileadmin/user_upload/www.reutlingen.ihk.de/RFID.pdf}
}


@article{King.2017,
 author = {King, Anthony},
 year = {2017},
 title = {Technology: The Future of Agriculture},
 url = {https://doi.org/10.1038/544S21a},
 pages = {S21  EP  -},
 volume = {544},
 journal = {Nature},
 doi = {10.1038/544S21a}
}


@article{Labs.2018,
 abstract = {The article explores how Industrial Internet of Things (IIoT) and low-cost sensors make predictive maintenance (PdM) a must-have tool for food and beverage industry in the U.S. to stay competitive. It mentions that Herbalife Nutrition have chosen the eMaint computerized Maintenance Management System (CMMS) to manage maintenance operations at its facility. It presents views of Kay Jenkins, director, Aptean Asset Point product line, on importance of IIoT in gathering meaningful data.},
 author = {Labs, Wayne},
 year = {2018},
 title = {Predictive maintenance in the age of IIoT: The Industrial Internet of Things and low-cost sensors make PdM a must-have tool to stay competitive},
 url = {http://search.ebscohost.com/login.aspx?direct=true&db=egs&AN=129506570&lang=de&site=eds-live},
 keywords = {ACQUISITION of data;COMPUTERIZED maintenance management systems;FOOD industry -- United States;FOOD industry equipment maintenance {\&} repair;INTERNET of things;JENKINS;Kay},
 pages = {21--32},
 volume = {90},
 number = {5},
 issn = {15222292},
 journal = {Food Engineering}
}


@article{Lee.2017,
 author = {Lee, Dongjin and Pan, Rong},
 year = {2017},
 title = {Predictive maintenance of complex system with multi-level reliability structure},
 pages = {4785--4801},
 volume = {55},
 number = {16},
 issn = {0020-7543},
 journal = {International Journal of Production Research},
 doi = {10.1080/00207543.2017.1299947}
}


@article{Navulur.2017,
 author = {Navulur, Sridevi and AS, Chandra Sekhara Sastry and MN, Giri Prasad},
 year = {2017},
 title = {Agricultural Management through Wireless Sensors and Internet of Things},
 pages = {3492},
 volume = {7},
 number = {6},
 issn = {2088-8708},
 journal = {International Journal of Electrical and Computer Engineering (IJECE)},
 doi = {10.11591/ijece.v7i6.pp3492-3499}
}


@misc{PersistenceMarketResearch.,
 author = {{Persistence Market Research}},
 title = {Adoption of Smart Sensors to Receive a Fillip with an Increasing Demand for MEMS Sensor Technology in Healthcare and Consumer Electronics Applications: https://www.persistencemarketresearch.com/mediarelease/smart-sensors-market.asp}
}


@unpublished{Pr.Dr.DerkRembold.15.02.2019,
 author = {{Pr. Dr. Derk Rembold}},
 year = {15.02.2019},
 title = {Digitale Fabrik Bussysteme und Middleware}
}


@unpublished{Prof.Dr.DerkRembold.15.02.2019,
 author = {{Prof. Dr. Derk Rembold}},
 year = {15.02.2019},
 title = {Digitale Fabrik Autoidentifikation}
}


@misc{Pycno.,
 author = {Pycno},
 title = {Pycno Quick start Guide: https://pycno.co/quick-start}
}


@article{RaminShamshiri.2018,
 author = {{Ramin Shamshiri}, Redmond and Weltzien, Cornelia and {A. Hameed}, Ibrahim and {J. Yule}, Ian and {E. Grift}, Tony and {K. Balasundram}, Siva and Pitonakova, Lenka and Ahmad, Desa and Chowdhary, Girish},
 year = {2018},
 title = {Research and development in agricultural robotics: A perspective of digital farming},
 pages = {1--11},
 volume = {11},
 number = {4},
 issn = {1934-6344},
 journal = {International Journal of Agricultural and Biological Engineering},
 doi = {10.25165/j.ijabe.20181104.4278}
}


@book{Reif.2012,
 abstract = {-- Anwendungsbezogene Darstellungen sind das Kennzeichen der Buchreihe {\textquotedbl}Bosch Fachinformation Automobil{\textquotedbl}. Ganz auf den Bedarf an praxisnahem Hintergrundwissen zugeschnitten, findet der Auto-Fachmann ausf{\"u}hrliche Angaben zu den Sensoren, deren Messprinzipien, den Ausf{\"u}hrungen und der Funktion in modernen Fahrzeugen. Der Band bietet das Bosch-Fachwissen aus erster Hand und eignet sich damit hervorragend f{\"u}r den Alltag des Entwicklungsingenieurs, f{\"u}r die berufliche Weiterbildung, f{\"u}r Lehrg{\"a}nge, zum Selbststudium oder zum Nachschlagen in der Werkstatt. Sensoren im Kraftfahrzeug: Grundlagen, Besonderheiten, Klassifikation, Genauigkeit, Zuverl{\"a}ssigkeit, physikalische Effekte, Technologien Sensormessprinzipien: Positionssensoren, Drehzahl- und Geschwindigkeitssensoren, Beschleunigungssensoren, Drucksensoren, Kraft- und Drehmomentsensoren, Durchflussmesser, Gassensoren und Konzentrationssonden, Temperatursensoren, optoelektronische Sensoren Sensorausf{\"u}hrungen: Motor-, Getriebe und Raddrehzahlsensoren, Phasensensoren, Drehratensensoren, Hochdrucksensoren, Fahrpedalsensoren, Lenkwinkelsensoren, Klopfsensoren, Luftmassenmesser u. a. Elektronik: Halbleitertechnik, Halbleiterbauelemente, integrierte Schaltungen, Herstellung von Halbleiterbauelementen und Schaltungen. Entwicklungsingenieure in der Automobil- und Zulieferindustrie Elektrik- und Elektronikentwickler Sachverst{\"a}ndige und Gutachter Softwareentwickler Kfz-Meister, Kfz-Techniker in Kfz-Werkst{\"a}tten Professoren, Dozenten und Studierende an Hoch- und Fachschulen Die Autoren -- Fachwissen aus erster Hand wird durch die Ingenieure der Bosch-Entwicklungsabteilung sowieAutoren aus dem Hochschulbereichgarantiert, die den Inhalt als Autoren erarbeitet haben. -- Der Herausgeber -- Prof. Dr.-Ing. Konrad Reif leitet den Studiengang Fahrzeugelektronik und Mechatronische Systeme an der Dualen Hochschule Baden-W{\"u}rttemberg, Ravensburg, Campus Friedrichshafen, ist Lehrbeauftragter an der Technischen.},
 year = {2012},
 title = {Sensoren im Kraftfahrzeug},
 address = {Wiesbaden},
 edition = {2., erg. Aufl.},
 publisher = {{Springer Vieweg}},
 isbn = {978-3-8348-1778-5},
 series = {Bosch Fachinformation Automobil},
 editor = {Reif, Konrad}
}


@article{Talaska.2018,
 abstract = {The article presents novel hardware solutions for new intelligent sensors that can be used in wireless sensor networks (WSN). A substantial reduction of the amount of data sent by the sensor to the base station in the WSN may extend the possible sensor working time. Miniature integrated artificial neural networks (ANN) applied directly in the sensor can take over the analysis of data collected from the environment, thus reducing amount of data sent over the RF communication block. A prototype specialized chip with components of the ANN was designed in the CMOS 130 nm technology. An adaptation mechanism and a programmable multi-phase clock generator-components of the ANN-are described in more detail. Both simulation and measurement results of selected blocks are presented to demonstrate the correctness of the design.},
 author = {Tala{\'s}ka, Tomasz},
 year = {2018},
 title = {Components of Artificial Neural Networks Realized in CMOS Technology to be Used in Intelligent Sensors in Wireless Sensor Networks},
 volume = {18},
 number = {12},
 journal = {Sensors (Basel, Switzerland)},
 doi = {10.3390/s18124499}
}


@book{VogelHeuser.2016,
 year = {2016},
 title = {Handbuch Industrie 4.0},
 address = {Berlin, Heidelberg},
 publisher = {{Springer Berlin Heidelberg}},
 isbn = {978-3-662-45537-1},
 editor = {Vogel-Heuser, Birgit and Bauernhansl, Thomas and ten Hompel, Michael},
 doi = {10.1007/978-3-662-45537-1}
}


